<?xml version='1.0' encoding='UTF-8'?>
<record xmlns="http://www.loc.gov/MARC21/slim">
  <leader>01499cam a2200373 a 4500</leader>
  <controlfield tag="001">538564</controlfield>
  <controlfield tag="003">NjP</controlfield>
  <controlfield tag="005">20171017102348.0</controlfield>
  <controlfield tag="008">891016q19501959iq       b    000 0bara d</controlfield>
  <datafield tag="024" ind1="7" ind2=" ">
    <subfield code="a">princeton_aco002770</subfield>
    <subfield code="2">local</subfield>
  </datafield>
  <datafield ind1=" " ind2=" " tag="035">
    <subfield code="a">(OCoLC)ocn176032999</subfield>
  </datafield>
  <datafield ind1=" " ind2=" " tag="035">
    <subfield code="a">(OCoLC)22315256</subfield>
  </datafield>
  <datafield ind1=" " ind2=" " tag="040">
    <subfield code="a">PUL</subfield>
    <subfield code="c">PUL</subfield>
    <subfield code="d">PUL</subfield>
  </datafield>
  <datafield ind1=" " ind2=" " tag="035">
    <subfield code="a">(OCoLC)176032999</subfield>
  </datafield>
  <datafield ind1=" " ind2=" " tag="035">
    <subfield code="a">(CStRLIN)NJPG89-B49429</subfield>
  </datafield>
  <datafield ind1=" " ind2=" " tag="035">
    <subfield code="9">ACM4435TS</subfield>
  </datafield>
  <datafield ind1=" " ind2=" " tag="035">
    <subfield code="a">(NjP)538564</subfield>
  </datafield>
  <datafield ind1=" " ind2=" " tag="079">
    <subfield code="a">ocm22315256</subfield>
  </datafield>
  <datafield ind1=" " ind2=" " tag="049">
    <subfield code="a">PULL</subfield>
  </datafield>
  <datafield ind1="1" ind2=" " tag="100">
    <subfield code="6">880-01</subfield>
    <subfield code="a">ʻAlāyilī, ʻAbd Allāh.</subfield>
  </datafield>
  <datafield ind1="1" ind2="0" tag="245">
    <subfield code="6">880-02</subfield>
    <subfield code="a">Mathaluhunna al-aʻlá Khadījah umm al-muʼminīn /</subfield>
    <subfield code="c">ʻAbd Allāh al-ʻAlāyilī.</subfield>
  </datafield>
  <datafield ind1=" " ind2=" " tag="260">
    <subfield code="6">880-03</subfield>
    <subfield code="a">Baghdād :</subfield>
    <subfield code="b">Maṭbaʻat al-Hilāl,</subfield>
    <subfield code="c">[195-?]</subfield>
  </datafield>
  <datafield ind1=" " ind2=" " tag="300">
    <subfield code="a">116 p. ;</subfield>
    <subfield code="c">17 cm.</subfield>
  </datafield>
  <datafield ind1=" " ind2=" " tag="504">
    <subfield code="a">Includes bibliographical references.</subfield>
  </datafield>
  <datafield ind1="0" ind2="0" tag="600">
    <subfield code="6">880-04</subfield>
    <subfield code="a">Khadījah,</subfield>
    <subfield code="d">-approximately 619.</subfield>
    <subfield code="0">http://id.loc.gov/authorities/names/n82251178</subfield>
  </datafield>
  <datafield ind1="0" ind2="0" tag="600">
    <subfield code="a">Muḥammad,</subfield>
    <subfield code="c">Prophet,</subfield>
    <subfield code="d">d. 632</subfield>
    <subfield code="x">Family</subfield>
    <subfield code="x">Biography.</subfield>
  </datafield>
  <datafield ind1=" " ind2="0" tag="650">
    <subfield code="a">Muslims</subfield>
    <subfield code="z">Saudi Arabia</subfield>
    <subfield code="x">Biography.</subfield>
    <subfield code="0">http://id.loc.gov/authorities/subjects/sh2008108157</subfield>
  </datafield>
  <datafield ind1="1" ind2=" " tag="880">
    <subfield code="6">100-01/r</subfield>
    <subfield code="a">علايلي، عبد الله.</subfield>
  </datafield>
  <datafield ind1="1" ind2="0" tag="880">
    <subfield code="6">245-02/r</subfield>
    <subfield code="a">مثلهن الاعلى خديجة ام المؤمنين /</subfield>
    <subfield code="c">عبد الله العلايلي.</subfield>
  </datafield>
  <datafield ind1=" " ind2=" " tag="880">
    <subfield code="6">260-03/r</subfield>
    <subfield code="a">بغداد :</subfield>
    <subfield code="b">مطبعة الهلال،</subfield>
    <subfield code="c">[195-؟]</subfield>
  </datafield>
  <datafield ind1="0" ind2="4" tag="880">
    <subfield code="6">600-04/r</subfield>
    <subfield code="a">خديجة،</subfield>
    <subfield code="d">-approximately 619.</subfield>
  </datafield>
  <datafield ind1=" " ind2=" " tag="998">
    <subfield code="a">12/08/92</subfield>
    <subfield code="s">9114</subfield>
    <subfield code="n">NjP</subfield>
    <subfield code="w">NJPG89B49429</subfield>
    <subfield code="d">10/16/89</subfield>
    <subfield code="c">KVV</subfield>
    <subfield code="b">CJK</subfield>
    <subfield code="i">921208</subfield>
    <subfield code="l">NJPG</subfield>
  </datafield>
  <datafield ind1=" " ind2=" " tag="911">
    <subfield code="a">19921218</subfield>
  </datafield>
  <datafield ind1=" " ind2=" " tag="912">
    <subfield code="a">19921208000000.0</subfield>
  </datafield>
  <datafield ind1=" " ind2=" " tag="994">
    <subfield code="a">C0</subfield>
    <subfield code="b">PUL</subfield>
  </datafield>
  <datafield ind1=" " ind2=" " tag="999">
    <subfield code="a">538564</subfield>
  </datafield>
  <datafield ind1="0" ind2="0" tag="852">
    <subfield code="0">586728</subfield>
    <subfield code="b">rcppa</subfield>
    <subfield code="t">1</subfield>
    <subfield code="h">BP76.8.K48</subfield>
    <subfield code="i">A66</subfield>
    <subfield code="x">tr fr arab</subfield>
  </datafield>
  <datafield ind1=" " ind2=" " tag="959">
    <subfield code="a">2000-06-13 00:00:00 -0500</subfield>
  </datafield>
</record>
